%% LaTeX2e file `references.bib'
%% generated by the `filecontents' environment
%% from source `template' on 2025/06/11.
%%
@article{lu2024aiscientist,
  title={The {AI} {S}cientist: Towards Fully Automated Open-Ended Scientific Discovery},
  author={Lu, Chris and Lu, Cong and Lange, Robert Tjarko and Foerster, Jakob and Clune, Jeff and Ha, David},
  journal={arXiv preprint arXiv:2408.06292},
  year={2024}
}

@book{goodfellow2016deep,
  title={Deep learning},
  author={Goodfellow, Ian and Bengio, Yoshua and Courville, Aaron and Bengio, Yoshua},
  volume={1},
  year={2016},
  publisher={MIT Press}
}

@article{yang2023diffusion,
  title={Diffusion models: A comprehensive survey of methods and applications},
  author={Yang, Ling and Zhang, Zhilong and Song, Yang and Hong, Shenda and Xu, Runsheng and Zhao, Yue and Zhang, Wentao and Cui, Bin and Yang, Ming-Hsuan},
  journal={ACM Computing Surveys},
  volume={56},
  number={4},
  pages={1--39},
  year={2023},
  publisher={ACM New York, NY, USA}
}

@inproceedings{ddpm,
 author = {Ho, Jonathan and Jain, Ajay and Abbeel, Pieter},
 booktitle = {Advances in Neural Information Processing Systems},
 editor = {H. Larochelle and M. Ranzato and R. Hadsell and M.F. Balcan and H. Lin},
 pages = {6840--6851},
 publisher = {Curran Associates, Inc.},
 title = {Denoising Diffusion Probabilistic Models},
 url = {https://proceedings.neurips.cc/paper/2020/file/4c5bcfec8584af0d967f1ab10179ca4b-Paper.pdf},
 volume = {33},
 year = {2020}
}

@inproceedings{vae,
  added-at = {2020-10-15T14:36:56.000+0200},
  author = {Kingma, Diederik P. and Welling, Max},
  biburl = {https://www.bibsonomy.org/bibtex/242e5be6faa01cba2587f4907ac99dce8/annakrause},
  booktitle = {2nd International Conference on Learning Representations, {ICLR} 2014, Banff, AB, Canada, April 14-16, 2014, Conference Track Proceedings},
  eprint = {http://arxiv.org/abs/1312.6114v10},
  eprintclass = {stat.ML},
  eprinttype = {arXiv},
  file = {:http\://arxiv.org/pdf/1312.6114v10:PDF;:KingmaWelling_Auto-EncodingVariationalBayes.pdf:PDF},
  interhash = {a626a9d77a123c52405a08da983203cb},
  intrahash = {42e5be6faa01cba2587f4907ac99dce8},
  keywords = {cs.LG stat.ML vae},
  timestamp = {2021-02-01T17:13:18.000+0100},
  title = {{Auto-Encoding Variational Bayes}},
  year = 2014
}

@inproceedings{gan,
 author = {Goodfellow, Ian and Pouget-Abadie, Jean and Mirza, Mehdi and Xu, Bing and Warde-Farley, David and Ozair, Sherjil and Courville, Aaron and Bengio, Yoshua},
 booktitle = {Advances in Neural Information Processing Systems},
 editor = {Z. Ghahramani and M. Welling and C. Cortes and N. Lawrence and K.Q. Weinberger},
 pages = {},
 publisher = {Curran Associates, Inc.},
 title = {Generative Adversarial Nets},
 url = {https://proceedings.neurips.cc/paper/2014/file/5ca3e9b122f61f8f06494c97b1afccf3-Paper.pdf},
 volume = {27},
 year = {2014}
}

@InProceedings{pmlr-v37-sohl-dickstein15,
  title =   {Deep Unsupervised Learning using Nonequilibrium Thermodynamics},
  author =   {Sohl-Dickstein, Jascha and Weiss, Eric and Maheswaranathan, Niru and Ganguli, Surya},
  booktitle =   {Proceedings of the 32nd International Conference on Machine Learning},
  pages =   {2256--2265},
  year =   {2015},
  editor =   {Bach, Francis and Blei, David},
  volume =   {37},
  series =   {Proceedings of Machine Learning Research},
  address =   {Lille, France},
  month =   {07--09 Jul},
  publisher =    {PMLR}
}

@inproceedings{
edm,
title={Elucidating the Design Space of Diffusion-Based Generative Models},
author={Tero Karras and Miika Aittala and Timo Aila and Samuli Laine},
booktitle={Advances in Neural Information Processing Systems},
editor={Alice H. Oh and Alekh Agarwal and Danielle Belgrave and Kyunghyun Cho},
year={2022},
url={https://openreview.net/forum?id=k7FuTOWMOc7}
}

@misc{kotelnikov2022tabddpm,
      title={TabDDPM: Modelling Tabular Data with Diffusion Models},
      author={Akim Kotelnikov and Dmitry Baranchuk and Ivan Rubachev and Artem Babenko},
      year={2022},
      eprint={2209.15421},
      archivePrefix={arXiv},
      primaryClass={cs.LG}
}


@Article{Oizumi2022SensitivityAO,
 author = {Ryo Oizumi and H. Inaba and T. Takada and Youichi Enatsu and Kensaku Kinjo},
 booktitle = {PLoS ONE},
 journal = {PLoS ONE},
 title = {Sensitivity analysis on the declining population in Japan: Effects of prefecture-specific fertility and interregional migration},
 volume = {17},
 year = {2022}
}

@Article{Cohen1979ErgodicTO,
 author = {J. Cohen},
 journal = {Rocky Mountain Journal of Mathematics},
 pages = {27-28},
 title = {Ergodic theorems of population dynamics},
 volume = {9},
 year = {1979}
}


@Article{Osés-Arranz2017ProbabilisticPP,
 author = {Ainhoa Osés-Arranz and Enrique M. Quilis},
 journal = {Labor: Demographics & Economics of the Family eJournal},
 title = {Probabilistic Population Projections Using Monte Carlo Methods: Spain, 2016-2066},
 year = {2017}
}

@Inproceedings{ho2020StochasticPP,
 author = {O. ho},
 pages = {185-201},
 title = {Stochastic population projections on an uncertainty for the future Korea},
 volume = {33},
 year = {2020}
}


@Article{Young-Chool2025ExploringAT,
 author = {Choi Young-Chool and Sanghyun Ju and Gyutae Lee and Sangkun Kim and Sungho Yun},
 booktitle = {Data and Metadata},
 journal = {Data and Metadata},
 title = {Exploring Approaches to Low Fertility through Integrated Application of Big Data-based Topic Modeling and System Dynamics: The Case of South Korea},
 year = {2025}
}


@Article{Lamnisos2019DemographicFO,
 author = {D. Lamnisos and K. Giannakou and T. Siligari},
 booktitle = {European Journal of Public Health},
 journal = {European Journal of Public Health},
 title = {Demographic forecasting of population projection in Greece: A Bayesian probabilistic study},
 year = {2019}
}

@Article{Fosdick2012RegionalPF,
 author = {B. Fosdick and A. Raftery},
 booktitle = {Demographic Research},
 journal = {Demographic research},
 pages = {
          1011-1034
        },
 title = {Regional Probabilistic Fertility Forecasting by Modeling Between-Country Correlations.},
 volume = {30 35},
 year = {2012}
}


@Inproceedings{Smith2001StateAL,
 author = {Stanley K. Smith and J. Tayman and D. Swanson},
 title = {State and Local Population Projections: Methodology and Analysis},
 year = {2001}
}


@Article{Alkema2015TheUN,
 author = {L. Alkema and P. Gerland and A. Raftery and J. Wilmoth},
 booktitle = {Foresight},
 journal = {Foresight},
 pages = {
          19-24
        },
 title = {The United Nations Probabilistic Population Projections: An Introduction to Demographic Forecasting with Uncertainty.},
 volume = {2015 37},
 year = {2015}
}


@Article{Raftery2014BayesianPP,
 author = {A. Raftery and L. Alkema and P. Gerland},
 booktitle = {Statistical Science},
 journal = {Statistical science : a review journal of the Institute of Mathematical Statistics},
 pages = {
          58-68
        },
 title = {Bayesian Population Projections for the United Nations.},
 volume = {29 1},
 year = {2014}
}


@Article{vSevvc'ikov'a2015AgeSpecificMA,
 author = {Hana vSevvc'ikov'a and Nan Li and Vladim'ira Kantorov'a and P. Gerland and A. Raftery},
 journal = {arXiv: Applications},
 pages = {285-310},
 title = {Age-Specific Mortality and Fertility Rates for Probabilistic Population Projections},
 year = {2015}
}

