%% LaTeX2e file `references.bib'
%% generated by the `filecontents' environment
%% from source `template' on 2025/06/11.
%%
@article{lu2024aiscientist,
  title={The {AI} {S}cientist: Towards Fully Automated Open-Ended Scientific Discovery},
  author={Lu, Chris and Lu, Cong and Lange, Robert Tjarko and Foerster, Jakob and Clune, Jeff and Ha, David},
  journal={arXiv preprint arXiv:2408.06292},
  year={2024}
}

@book{goodfellow2016deep,
  title={Deep learning},
  author={Goodfellow, Ian and Bengio, Yoshua and Courville, Aaron and Bengio, Yoshua},
  volume={1},
  year={2016},
  publisher={MIT Press}
}

@article{yang2023diffusion,
  title={Diffusion models: A comprehensive survey of methods and applications},
  author={Yang, Ling and Zhang, Zhilong and Song, Yang and Hong, Shenda and Xu, Runsheng and Zhao, Yue and Zhang, Wentao and Cui, Bin and Yang, Ming-Hsuan},
  journal={ACM Computing Surveys},
  volume={56},
  number={4},
  pages={1--39},
  year={2023},
  publisher={ACM New York, NY, USA}
}

@inproceedings{ddpm,
 author = {Ho, Jonathan and Jain, Ajay and Abbeel, Pieter},
 booktitle = {Advances in Neural Information Processing Systems},
 editor = {H. Larochelle and M. Ranzato and R. Hadsell and M.F. Balcan and H. Lin},
 pages = {6840--6851},
 publisher = {Curran Associates, Inc.},
 title = {Denoising Diffusion Probabilistic Models},
 url = {https://proceedings.neurips.cc/paper/2020/file/4c5bcfec8584af0d967f1ab10179ca4b-Paper.pdf},
 volume = {33},
 year = {2020}
}

@inproceedings{vae,
  added-at = {2020-10-15T14:36:56.000+0200},
  author = {Kingma, Diederik P. and Welling, Max},
  biburl = {https://www.bibsonomy.org/bibtex/242e5be6faa01cba2587f4907ac99dce8/annakrause},
  booktitle = {2nd International Conference on Learning Representations, {ICLR} 2014, Banff, AB, Canada, April 14-16, 2014, Conference Track Proceedings},
  eprint = {http://arxiv.org/abs/1312.6114v10},
  eprintclass = {stat.ML},
  eprinttype = {arXiv},
  file = {:http\://arxiv.org/pdf/1312.6114v10:PDF;:KingmaWelling_Auto-EncodingVariationalBayes.pdf:PDF},
  interhash = {a626a9d77a123c52405a08da983203cb},
  intrahash = {42e5be6faa01cba2587f4907ac99dce8},
  keywords = {cs.LG stat.ML vae},
  timestamp = {2021-02-01T17:13:18.000+0100},
  title = {{Auto-Encoding Variational Bayes}},
  year = 2014
}

@inproceedings{gan,
 author = {Goodfellow, Ian and Pouget-Abadie, Jean and Mirza, Mehdi and Xu, Bing and Warde-Farley, David and Ozair, Sherjil and Courville, Aaron and Bengio, Yoshua},
 booktitle = {Advances in Neural Information Processing Systems},
 editor = {Z. Ghahramani and M. Welling and C. Cortes and N. Lawrence and K.Q. Weinberger},
 pages = {},
 publisher = {Curran Associates, Inc.},
 title = {Generative Adversarial Nets},
 url = {https://proceedings.neurips.cc/paper/2014/file/5ca3e9b122f61f8f06494c97b1afccf3-Paper.pdf},
 volume = {27},
 year = {2014}
}

@InProceedings{pmlr-v37-sohl-dickstein15,
  title =   {Deep Unsupervised Learning using Nonequilibrium Thermodynamics},
  author =   {Sohl-Dickstein, Jascha and Weiss, Eric and Maheswaranathan, Niru and Ganguli, Surya},
  booktitle =   {Proceedings of the 32nd International Conference on Machine Learning},
  pages =   {2256--2265},
  year =   {2015},
  editor =   {Bach, Francis and Blei, David},
  volume =   {37},
  series =   {Proceedings of Machine Learning Research},
  address =   {Lille, France},
  month =   {07--09 Jul},
  publisher =    {PMLR}
}

@inproceedings{
edm,
title={Elucidating the Design Space of Diffusion-Based Generative Models},
author={Tero Karras and Miika Aittala and Timo Aila and Samuli Laine},
booktitle={Advances in Neural Information Processing Systems},
editor={Alice H. Oh and Alekh Agarwal and Danielle Belgrave and Kyunghyun Cho},
year={2022},
url={https://openreview.net/forum?id=k7FuTOWMOc7}
}

@misc{kotelnikov2022tabddpm,
      title={TabDDPM: Modelling Tabular Data with Diffusion Models},
      author={Akim Kotelnikov and Dmitry Baranchuk and Ivan Rubachev and Artem Babenko},
      year={2022},
      eprint={2209.15421},
      archivePrefix={arXiv},
      primaryClass={cs.LG}
}


@Article{Grant1996TheIO,
 author = {Grant and Benton},
 booktitle = {Theoretical Population Biology},
 journal = {Theoretical population biology},
 pages = {
          18-30
        },
 title = {The Impact of Environmental Variation on Demographic Convergence of Leslie Matrix Population Models: An Assessment Using Lyapunov Characteristic Exponents},
 volume = {50 1},
 year = {1996}
}


@Article{Booth2020CoherentMF,
 author = {H. Booth},
 booktitle = {Developments in Demographic Forecasting},
 journal = {Developments in Demographic Forecasting},
 title = {Coherent Mortality Forecasting with Standards: Low Mortality Serves as a Guide},
 year = {2020}
}


@Article{Billari2014StochasticPF,
 author = {F. Billari and R. Graziani and E. Melilli},
 booktitle = {Demography},
 journal = {Demography},
 pages = {1933-1954},
 title = {Stochastic Population Forecasting Based on Combinations of Expert Evaluations Within the Bayesian Paradigm},
 volume = {51},
 year = {2014}
}


@Article{Myrskylä2010ProbabilisticFU,
 author = {M. Myrskylä and J. Goldstein},
 booktitle = {Demography},
 journal = {Demography},
 pages = {237-260},
 title = {Probabilistic Forecasting Using Stochastic Diffusion Models, With Applications to Cohort Processes of Marriage and Fertility},
 volume = {50},
 year = {2010}
}


@Article{Dijk2020ForksIT,
 author = {M. Dijk and E. Iversen and Antje Klitkou and R. Kemp and S. Bolwig and M. Borup and Peter Møllgaard},
 journal = {Energies},
 pages = {475},
 title = {Forks in the Road to E-Mobility: An Evaluation of Instrument Interaction in National Policy Mixes in Northwest Europe},
 volume = {13},
 year = {2020}
}


@Article{Wei2024TheSE,
 author = {Jiuchang Wei and Junkai Ji and Yi‐Na Li},
 booktitle = {Risk Analysis},
 journal = {Risk Analysis},
 pages = {2089 - 2106},
 title = {The synergy effect of multi‐country policy actions announced in reaction to global risk: A network structure perspective},
 volume = {44},
 year = {2024}
}


@Article{Malafeyev2024ModelingAD,
 author = {O. A. Malafeyev and T. R. Nabiev and N. Redinskikh},
 booktitle = {arXiv.org},
 journal = {ArXiv},
 title = {Modeling a demographic problem using the Leslie matrix},
 volume = {abs/2409.15147},
 year = {2024}
}


@Article{Zhang2023TheEO,
 author = {Ting-ting Zhang and Xiu-Yun Cai and Xiaohui. Shi and Wei Zhu and Shao-nan Shan},
 booktitle = {International Journal of Environmental Research and Public Health},
 journal = {International Journal of Environmental Research and Public Health},
 title = {The Effect of Family Fertility Support Policies on Fertility, Their Contribution, and Policy Pathways to Fertility Improvement in OECD Countries},
 volume = {20},
 year = {2023}
}


@Article{Cook2022TryingTR,
 author = {L. Cook and E. Iarskaia-Smirnova and V. Kozlov},
 booktitle = {Social Policy and Society},
 journal = {Social Policy and Society},
 pages = {355 - 375},
 title = {Trying to Reverse Demographic Decline: Pro-Natalist and Family Policies in Russia, Poland and Hungary},
 volume = {22},
 year = {2022}
}


@Article{López2022MonitoringIA,
 author = {I. López and Z. Varga and M. Gámez and J. Garay},
 booktitle = {Mathematics},
 journal = {Mathematics},
 title = {Monitoring in a Discrete-Time Nonlinear Age-Structured Population Model with Changing Environment},
 year = {2022}
}


@Article{Yu2023ProbabilisticCP,
 author = {C. Yu and H. Ševčíková and A. Raftery and S. Curran},
 booktitle = {Demography},
 journal = {Demography},
 title = {Probabilistic County-Level Population Projections.},
 year = {2023}
}


@Article{Zakharov2024ThreeDO,
 author = {Sergei V. Zakharov},
 booktitle = {Comparative Population Studies},
 journal = {Comparative Population Studies},
 title = {Three Decades on Russia’s Path of the Second Demographic Transition: How Patterns of Fertility are Changing Under an Unstable Demographic Policy},
 year = {2024}
}


@Article{Kobyakova2024TheMA,
 author = {O. Kobyakova and I. Shibalkov and I. Solomatnikov and S.A. Timonin and A. E. Shchur and M. Lagutin and D. Tyufilin and I. Deev and S. Nikitina},
 booktitle = {Health Risk Analysis},
 journal = {Health Risk Analysis},
 title = {The medical and demographic situation in Russia: Long-term trends, prospects and improvement potential},
 year = {2024}
}

