%% LaTeX2e file `references.bib'
%% generated by the `filecontents' environment
%% from source `template' on 2025/06/11.
%%
@article{lu2024aiscientist,
  title={The {AI} {S}cientist: Towards Fully Automated Open-Ended Scientific Discovery},
  author={Lu, Chris and Lu, Cong and Lange, Robert Tjarko and Foerster, Jakob and Clune, Jeff and Ha, David},
  journal={arXiv preprint arXiv:2408.06292},
  year={2024}
}

@book{goodfellow2016deep,
  title={Deep learning},
  author={Goodfellow, Ian and Bengio, Yoshua and Courville, Aaron and Bengio, Yoshua},
  volume={1},
  year={2016},
  publisher={MIT Press}
}

@article{yang2023diffusion,
  title={Diffusion models: A comprehensive survey of methods and applications},
  author={Yang, Ling and Zhang, Zhilong and Song, Yang and Hong, Shenda and Xu, Runsheng and Zhao, Yue and Zhang, Wentao and Cui, Bin and Yang, Ming-Hsuan},
  journal={ACM Computing Surveys},
  volume={56},
  number={4},
  pages={1--39},
  year={2023},
  publisher={ACM New York, NY, USA}
}

@inproceedings{ddpm,
 author = {Ho, Jonathan and Jain, Ajay and Abbeel, Pieter},
 booktitle = {Advances in Neural Information Processing Systems},
 editor = {H. Larochelle and M. Ranzato and R. Hadsell and M.F. Balcan and H. Lin},
 pages = {6840--6851},
 publisher = {Curran Associates, Inc.},
 title = {Denoising Diffusion Probabilistic Models},
 url = {https://proceedings.neurips.cc/paper/2020/file/4c5bcfec8584af0d967f1ab10179ca4b-Paper.pdf},
 volume = {33},
 year = {2020}
}

@inproceedings{vae,
  added-at = {2020-10-15T14:36:56.000+0200},
  author = {Kingma, Diederik P. and Welling, Max},
  biburl = {https://www.bibsonomy.org/bibtex/242e5be6faa01cba2587f4907ac99dce8/annakrause},
  booktitle = {2nd International Conference on Learning Representations, {ICLR} 2014, Banff, AB, Canada, April 14-16, 2014, Conference Track Proceedings},
  eprint = {http://arxiv.org/abs/1312.6114v10},
  eprintclass = {stat.ML},
  eprinttype = {arXiv},
  file = {:http\://arxiv.org/pdf/1312.6114v10:PDF;:KingmaWelling_Auto-EncodingVariationalBayes.pdf:PDF},
  interhash = {a626a9d77a123c52405a08da983203cb},
  intrahash = {42e5be6faa01cba2587f4907ac99dce8},
  keywords = {cs.LG stat.ML vae},
  timestamp = {2021-02-01T17:13:18.000+0100},
  title = {{Auto-Encoding Variational Bayes}},
  year = 2014
}

@inproceedings{gan,
 author = {Goodfellow, Ian and Pouget-Abadie, Jean and Mirza, Mehdi and Xu, Bing and Warde-Farley, David and Ozair, Sherjil and Courville, Aaron and Bengio, Yoshua},
 booktitle = {Advances in Neural Information Processing Systems},
 editor = {Z. Ghahramani and M. Welling and C. Cortes and N. Lawrence and K.Q. Weinberger},
 pages = {},
 publisher = {Curran Associates, Inc.},
 title = {Generative Adversarial Nets},
 url = {https://proceedings.neurips.cc/paper/2014/file/5ca3e9b122f61f8f06494c97b1afccf3-Paper.pdf},
 volume = {27},
 year = {2014}
}

@InProceedings{pmlr-v37-sohl-dickstein15,
  title =   {Deep Unsupervised Learning using Nonequilibrium Thermodynamics},
  author =   {Sohl-Dickstein, Jascha and Weiss, Eric and Maheswaranathan, Niru and Ganguli, Surya},
  booktitle =   {Proceedings of the 32nd International Conference on Machine Learning},
  pages =   {2256--2265},
  year =   {2015},
  editor =   {Bach, Francis and Blei, David},
  volume =   {37},
  series =   {Proceedings of Machine Learning Research},
  address =   {Lille, France},
  month =   {07--09 Jul},
  publisher =    {PMLR}
}

@inproceedings{
edm,
title={Elucidating the Design Space of Diffusion-Based Generative Models},
author={Tero Karras and Miika Aittala and Timo Aila and Samuli Laine},
booktitle={Advances in Neural Information Processing Systems},
editor={Alice H. Oh and Alekh Agarwal and Danielle Belgrave and Kyunghyun Cho},
year={2022},
url={https://openreview.net/forum?id=k7FuTOWMOc7}
}

@misc{kotelnikov2022tabddpm,
      title={TabDDPM: Modelling Tabular Data with Diffusion Models},
      author={Akim Kotelnikov and Dmitry Baranchuk and Ivan Rubachev and Artem Babenko},
      year={2022},
      eprint={2209.15421},
      archivePrefix={arXiv},
      primaryClass={cs.LG}
}


@Article{Nel2024TheSU,
 author = {Darren Nel and Araz Taeihagh},
 booktitle = {Policy sciences},
 journal = {Policy Sciences},
 title = {The soft underbelly of complexity science adoption in policymaking: towards addressing frequently overlooked non-technical challenges},
 year = {2024}
}


@Article{Malafeyev2024ModelingAD,
 author = {O. A. Malafeyev and T. R. Nabiev and N. Redinskikh},
 booktitle = {arXiv.org},
 journal = {ArXiv},
 title = {Modeling a demographic problem using the Leslie matrix},
 volume = {abs/2409.15147},
 year = {2024}
}


@Article{Compagnoni2016TheEO,
 author = {A. Compagnoni and Andrew J. Bibian and Brad M. Ochocki and Haldre S. Rogers and Emily L. Schultz and Michelle E. Sneck and B. Elderd and A. Iler and D. Inouye and H. Jacquemyn and T. Miller},
 journal = {Ecological Monographs},
 pages = {480-494},
 title = {The effect of demographic correlations on the stochastic population dynamics of perennial plants},
 volume = {86},
 year = {2016}
}


@Article{Alkema2015TheUN,
 author = {L. Alkema and P. Gerland and A. Raftery and J. Wilmoth},
 booktitle = {Foresight},
 journal = {Foresight},
 pages = {
          19-24
        },
 title = {The United Nations Probabilistic Population Projections: An Introduction to Demographic Forecasting with Uncertainty.},
 volume = {2015 37},
 year = {2015}
}

@Article{Alexander2024DevelopingAI,
 author = {Monica Alexander and A. Raftery},
 booktitle = {Demographic Research},
 journal = {Demographic Research},
 title = {Developing and implementing the UN's probabilistic population projections as a milestone for Bayesian demography: An interview with Adrian Raftery},
 year = {2024}
}


@Article{Lee1994StochasticPF,
 author = {Ronald Lee and S. Tuljapurkar},
 booktitle = {Journal of the American Statistical Association},
 journal = {Journal of the American Statistical Association},
 pages = {
          1,175-89
        },
 title = {Stochastic population forecasts for the United States: beyond high, medium, and low.},
 volume = {89 428},
 year = {1994}
}

@Article{Lee2024ForecastingPI,
 author = {Ronald D. Lee},
 booktitle = {Population and Development Review},
 journal = {Population and Development Review},
 title = {Forecasting Population in an Uncertain World: Approaches, New Uses, and Troubling Limitations},
 year = {2024}
}


@Article{Elderd2015QuantifyingDU,
 author = {B. Elderd and T. Miller},
 journal = {Ecological Monographs},
 pages = {125-144},
 title = {Quantifying demographic uncertainty: Bayesian methods for integral projection models},
 volume = {86},
 year = {2015}
}


@Article{Stupariu2023DEMOGRAPHICPI,
 author = {M. Stupariu},
 booktitle = {Revista Română de Geografie Politică},
 journal = {Revista Română de Geografie Politică},
 title = {DEMOGRAPHIC POLICIES IN THE EUROPEAN UNION},
 year = {2023}
}


@Article{Elderd2015QuantifyingDU,
 author = {B. Elderd and T. Miller},
 journal = {Ecological Monographs},
 pages = {125-144},
 title = {Quantifying demographic uncertainty: Bayesian methods for integral projection models},
 volume = {86},
 year = {2015}
}


@Article{Alkema2015TheUN,
 author = {L. Alkema and P. Gerland and A. Raftery and J. Wilmoth},
 booktitle = {Foresight},
 journal = {Foresight},
 pages = {
          19-24
        },
 title = {The United Nations Probabilistic Population Projections: An Introduction to Demographic Forecasting with Uncertainty.},
 volume = {2015 37},
 year = {2015}
}


@Article{Alkema2015TheUN,
 author = {L. Alkema and P. Gerland and A. Raftery and J. Wilmoth},
 booktitle = {Foresight},
 journal = {Foresight},
 pages = {
          19-24
        },
 title = {The United Nations Probabilistic Population Projections: An Introduction to Demographic Forecasting with Uncertainty.},
 volume = {2015 37},
 year = {2015}
}


@Article{Sohl-Dickstein2015DeepUL,
 author = {Jascha Narain Sohl-Dickstein and Eric A. Weiss and Niru Maheswaranathan and S. Ganguli},
 booktitle = {International Conference on Machine Learning},
 journal = {ArXiv},
 title = {Deep Unsupervised Learning using Nonequilibrium Thermodynamics},
 volume = {abs/1503.03585},
 year = {2015}
}


@Article{Wiśniowski2015BayesianPF,
 author = {Arkadiusz Wiśniowski and Peter W. F. Smith and J. Bijak and J. Raymer and J. Forster},
 booktitle = {Demography},
 journal = {Demography},
 pages = {1035-1059},
 title = {Bayesian Population Forecasting: Extending the Lee-Carter Method},
 volume = {52},
 year = {2015}
}


@Article{Nelles2024PolicyRT,
 author = {Jen Nelles and L. Tuckerman and Nadeen Purna and Judith Phillips and Tim Vorley},
 booktitle = {Journal of Aging & Social Policy},
 journal = {Journal of Aging & Social Policy},
 pages = {273 - 288},
 title = {Policy Responses to the Healthy Aging Challenge: Confronting Hybridity with Social Innovation},
 volume = {37},
 year = {2024}
}

@Article{Zhan2023StateFI,
 author = {Shaohua Zhan and Lingli Huang},
 booktitle = {China Population and Development Studies},
 journal = {China Population and Development Studies},
 pages = {111-129},
 title = {State familism in action: aging policy and intergenerational support in Singapore},
 volume = {7},
 year = {2023}
}

